@inproceedings{SparseMoE,
  author = {Shazeer, Noam and Mirhoseini, Azalia and Maziarz, Krzysztof and Davis, Andy and Le, Quoc V. and Hinton, Geoffrey E. and Dean, Jeff},
  booktitle = {ICLR (Poster)},
  ee = {https://openreview.net/forum?id=B1ckMDqlg},
  title = {Outrageously Large Neural Networks: The Sparsely-Gated Mixture-of-Experts Layer.},
  url = {http://dblp.uni-trier.de/db/conf/iclr/iclr2017.html#ShazeerMMDLHD17},
  year = 2017
}

