@ARTICLE{8793060,  author={Zhang, Ansi and Li, Shaobo and Cui, Yuxin and Yang, Wanli and Dong, Rongzhi and Hu, Jianjun},  journal={IEEE Access},   title={Limited Data Rolling Bearing Fault Diagnosis With Few-Shot Learning},   year={2019},  volume={7},  number={},  pages={110895-110904},  doi={10.1109/ACCESS.2019.2934233}}

