@article{powers2011evaluation,
  added-at = {2018-12-07T09:10:16.000+0100},
  author = {Powers, D. M. W.},
  biburl = {https://www.bibsonomy.org/bibtex/2e79179c264c479540bfb3dbafe82eef5/jpvaldes},
  citeulike-article-id = {12882259},
  interhash = {37577a768a07235affb7a09b2f5574fb},
  intrahash = {e79179c264c479540bfb3dbafe82eef5},
  journal = {Journal of Machine Learning Technologies},
  keywords = {metrics, nlp evaluation},
  number = 1,
  pages = {37--63},
  posted-at = {2017-01-30 09:12:08},
  priority = {2},
  timestamp = {2018-12-07T09:32:19.000+0100},
  title = {{Evaluation: From precision, recall and f-measure to roc., informedness, markedness \& correlation}},
  volume = 2,
  year = 2011
}


