@inproceedings{yazdani-henderson-2015-model,
    title = "A Model of Zero-Shot Learning of Spoken Language Understanding",
    author = "Yazdani, Majid  and
      Henderson, James",
    booktitle = "Proceedings of the 2015 Conference on Empirical Methods in Natural Language Processing",
    month = sep,
    year = "2015",
    address = "Lisbon, Portugal",
    publisher = "Association for Computational Linguistics",
    url = "https://aclanthology.org/D15-1027",
    doi = "10.18653/v1/D15-1027",
    pages = "244--249",
}
