@article{Bonet2021ChannelWiseES,
  title={Channel-Wise Early Stopping without a Validation Set via NNK Polytope Interpolation},
  author={David Bonet and Antonio Ortega and Javier Ruiz-Hidalgo and Sarath Shekkizhar},
  journal={2021 Asia-Pacific Signal and Information Processing Association Annual Summit and Conference (APSIPA ASC)},
  year={2021},
  pages={351-358}
}
