@inproceedings{shriberg-etal-2004-icsi,
    title = "The {ICSI} Meeting Recorder Dialog Act ({MRDA}) Corpus",
    author = "Shriberg, Elizabeth  and
      Dhillon, Raj  and
      Bhagat, Sonali  and
      Ang, Jeremy  and
      Carvey, Hannah",
    booktitle = "Proceedings of the 5th {SIG}dial Workshop on Discourse and Dialogue at {HLT}-{NAACL} 2004",
    month = apr # " 30 - " # may # " 1",
    year = "2004",
    address = "Cambridge, Massachusetts, USA",
    publisher = "Association for Computational Linguistics",
    url = "https://aclanthology.org/W04-2319",
    pages = "97--100",
}
