@inbook{10.1145/3357713.3384290,
author = {Feldman, Vitaly},
title = {Does Learning Require Memorization? A Short Tale about a Long Tail},
year = {2020},
isbn = {9781450369794},
publisher = {Association for Computing Machinery},
address = {New York, NY, USA},
url = {https://doi.org/10.1145/3357713.3384290},
booktitle = {Proceedings of the 52nd Annual ACM SIGACT Symposium on Theory of Computing},
pages = {954â€“959},
numpages = {6}
}
